<?xml version="1.0" encoding="UTF-8"?><collection xmlns="http://www.loc.gov/MARC21/slim"><record><leader>00521nam--2200193-i-4500</leader><controlfield tag="001">000029005</controlfield><controlfield tag="002">20161230</controlfield><controlfield tag="005">20161230201037</controlfield><controlfield tag="008">060222s1000------------r-----000-0-rus-d</controlfield><datafield ind1=" " ind2=" " tag="040"><subfield code="a">IFIN-HH</subfield></datafield><datafield ind1=" " ind2=" " tag="041"><subfield code="a">rus</subfield></datafield><datafield ind1=" " ind2=" " tag="080"><subfield code="a">519</subfield></datafield><datafield ind1="1" ind2=" " tag="100"><subfield code="a">Nalimov, V.V</subfield></datafield><datafield ind1="1" ind2="0" tag="245"><subfield code="a">Statisticeskie metodi planirovania ekstremalnih eksperimentov</subfield><subfield code="c">V.v. nalimov, n.a. cernova</subfield></datafield><datafield ind1=" " ind2=" " tag="260"><subfield code="a">Moskva</subfield><subfield code="b">Fiziko-matematiceskoi Litaraturi</subfield><subfield code="c">1965</subfield></datafield><datafield ind1=" " ind2=" " tag="300"><subfield code="a">340P</subfield></datafield><datafield ind1="1" ind2=" " tag="700"><subfield code="a">Cernova, N.A</subfield></datafield><datafield ind1=" " ind2=" " tag="852"><subfield code="c">53.08</subfield></datafield><datafield ind1=" " ind2=" " tag="CAT"><subfield code="a">Sys</subfield><subfield code="c">20151027</subfield><subfield code="h">152511</subfield></datafield></record></collection>